###########
# ATOMISM #
###########

@book{Kepler1619,
  title = {Ioannis Keppleri Harmonices mundi libri V (Latin: The Five Books of Johannes Kepler's The Harmony of the World)},
  author = {Kepler, Johannes},
  year = {1619},
  addendum = {Published in Latin.}
}

@article{Geoffroy1718,
  title = {Table des differents rapports observés en chimie entre differentes substances},
  url = {http://gallica.bnf.fr/ark:/12148/bpt6k3519v/f330.item},
  journal = {Memoires de l'Academie Royale des Sciences},
  volume = {MDCCXLI},
  author = {Geoffroy, Étienne François},
  year = {1718},
  pages = {202--212}
}

@article{Maxwell1873,
  title = {Molecules},
  volume = {8},
  doi = {10.1038/008437a0},
  number = {204},
  journal = {Nature},
  author = {Maxwell, James Clerk},
  year = {1873},
  pages = {437--441}
}

@book{Kepler97,
  title={The Harmony of the World},
  author={Kepler, J. and Aiton, E.J. and Duncan, A.M. and Field, J.V.},
  number={v. 209},
  series={American Philosophical Society: Memoirs of the American Philosophical Society},
  url={https://books.google.ca/books?id=rEkLAAAAIAAJ},
  year={1997},
  publisher={American Philosophical Society}
}

############
# Pre-foil #
############

@article{Vager76PRL,
  title = {Polarization induced in a solid by the passage of fast charged particles},
  volume = {37},
  url = {https://journals.aps.org/prl/abstract/10.1103/PhysRevLett.37.1352},
  number = {20},
  journal = {Physical Review Letters},
  author = {Vager, Zeev and Gemmell, Donald S.},
  year = {1976},
  pages = {1352--1354}
}

@article{Vager76PRA,
  title = {Dissociation of fast \ch{HeH+} ions traversing thin foils},
  volume = {14},
  url = {https://journals.aps.org/pra/abstract/10.1103/PhysRevA.14.638},
  number = {2},
  journal = {Physical Review A},
  author = {Vager, Zeev and Gemmell, Donald S. and Zabransky, Bruce J.},
  year = {1976},
  pages = {638--641}
}

@article{Gemmell75,
  title = {Evidence for an Alignment Effect in the Motion of Swift Ion Clusters through Solids},
  volume = {34},
  doi = {10.1103/PhysRevLett.34.1420},
  number = {23},
  journal = {Physical Review Letters},
  author = {Gemmell, Donald S. and Remillieux, J. and Poizat, J. -C. and Gaillard, M. J. and Holland, Robert E. and Vager, Zeev},
  year = {1975},
  pages = {1420--1424}
} 

@article{Novick55,
  title = {Fine structure of singly ionized helium},
  volume = {100},
  url = {https://journals.aps.org/pr/abstract/10.1103/PhysRev.100.1153},
  number = {4},
  journal = {Physical Review},
  author = {Novick, Robert and Lipworth, Edgar and Yergin, Paul F.},
  year = {1955},
  pages = {1153--1173}
} 

#################
# Beam foil CEI #
#################

@article{Herwig13,
  title = {Imaging the absolute configuration of a chiral epoxide in the gas phase},
  volume = {342},
  url = {http://science.sciencemag.org/content/342/6162/1084.short},
  number = {6162},
  journal = {Science},
  author = {Herwig, Philipp and Zawatzky, Kerstin and Grieser, Manfred and Heber, Oded and Jordon-Thaden, Brandon and Krantz, Claude and Novotnỳ, Oldřich and Repnow, Roland and Schurig, Volker and Schwalm, Dirk and {others}},
  year = {2013},
  pages = {1084--1086}
}

@article{Jordon-Thaden11,
  title = {Structure and Stability of the Negative Hydrogen Molecular Ion},
  volume = {107},
  doi = {10.1103/PhysRevLett.107.193003},
  number = {19},
  journal = {Physical Review Letters},
  author = {Jordon-Thaden, B. and Kreckel, H. and Golser, R. and Schwalm, D. and Berg, M. H. and Buhr, H. and Gnaser, H. and Grieser, M. and Heber, O. and Lange, M. and Novotný, O. and Novotny, S. and Pedersen, H. B. and Petrignani, A. and Repnow, R. and Rubinstein, H. and Shafir, D. and Wolf, A. and Zajfman, D.},
  year = {2011}
}

@article{Herwig13PRA,
  title = {Metastable states of \ch{D2-} observed by foil-induced Coulomb explosion imaging},
  volume = {87},
  doi = {10.1103/PhysRevA.87.062513},
  number = {6},
  journal = {Physical Review A},
  author = {Herwig, P. and Schwalm, D. and Čížek, M. and Golser, R. and Grieser, M. and Heber, O. and Repnow, R. and Wolf, A. and Kreckel, H.},
  year = {2013}
}

@article{Vager89,
  title = {Coulomb explosion imaging of small molecules},
  volume = {244},
  number = {4903},
  journal = {Science},
  author = {Vager, Z. and Naaman, R. and Kanter, E. P.},
  year = {1989},
  pages = {426--31},
  url = {http://tex.stackexchange.com/},
  addendum = {The authors provide an engaging and extensive introduction to Coulomb explosion imaging and motivate the need to image non-classical molecular structures. A highly recommended read.}
}

@article{Kanter79,
  title = {Role of excited electronic states in the interactions of fast (MeV) molecular ions with solids and gases},
  volume = {20},
  url = {https://journals.aps.org/pra/abstract/10.1103/PhysRevA.20.834},
  number = {3},
  journal = {Physical Review A},
  author = {Kanter, E. P. and Cooney, P. J. and Gemmell, D. S. and Groeneveld, K.-O. and Pietsch, W. J. and Ratkowski, A. J. and Vager, Z. and Zabransky, B. J.},
  year = {1979},
  pages = {834--854},
}

@article{Gaillard78,
  title = {Experimental determination of the structure of \ch{H3+}},
  volume = {17},
  url = {https://journals.aps.org/pra/abstract/10.1103/PhysRevA.17.1797},
  number = {6},
  journal = {Physical Review A},
  author = {Gaillard, M. J. and Gemmell, D. S. and Goldring, G. and Levine, I. and Pietsch, W. J. and Poizat, J. C. and Ratkowski, A. J. and Remillieux, J. and Vager, Z. and Zabransky, B. J.},
  year = {1978},
  pages = {1797--1803}
}

######################
# Covariance mapping #
######################

@article{Frasinski89,
  title = {Covariance {Mapping}: {A} {Correlation} {Method} {Applied} to {Multiphoton} {Multiple} {Ionization}},
  volume = {246},
  doi = {10.1126/science.246.4933.1029},
  number = {4933},
  journal = {Science},
  author = {Frasinski, L. J. and Codling, K. and Hatherly, P. A.},
  year = {1989},
  pages = {1029--1031}
}

@article{Frasinski87,
  title = {Femtosecond dynamics of multielectron dissociative ionization by use of a picosecond laser},
  volume = {58},
  doi = {10.1103/PhysRevLett.58.2424},
  number = {23},
  journal = {Physical Review Letters},
  author = {Frasinski, L. J. and Codling, K. and Hatherly, P. and Barr, J. and Ross, I. N. and Toner, W. T.},
  year = {1987},
  pages = {2424--2427}
} 

#####################
# Laser-induced CEI #
#####################

@article{Kunitski15,
  title = {Observation of the {Efimov} state of the helium trimer},
  volume = {348},
  doi = {10.1126/science.aaa5601},
  number = {6234},
  journal = {Science},
  author = {Kunitski, M. and Zeller, S. and Voigtsberger, J. and Kalinin, A. and Schmidt, L. P. H. and Schoffler, M. and Czasch, A. and Schollkopf, W. and Grisenti, R. E. and Jahnke, T. and Blume, D. and Dorner, R.},
  year = {2015},
  pages = {551--55}
}

@article{Brichta09,
  title = {Ultrafast imaging of polyatomic molecules with simplex algorithm},
  volume = {180},
  doi = {10.1016/j.cpc.2008.09.006},
  number = {2},
  journal = {Computer Physics Communications},
  author = {Brichta, Jean-Paul and Seaman, Aden N. and Sanderson, Joseph H.},
  year = {2009},
  pages = {197--200}
}

@article{Gagnon08,
  title = {Coincidence imaging of polyatomic molecules via laser-induced Coulomb explosion},
  volume = {41},
  doi = {10.1088/0953-4075/41/21/215104},
  number = {21},
  journal = {Journal of Physics B: Atomic, Molecular and Optical Physics},
  author = {Gagnon, J and Lee, Kevin F and Rayner, D M and Corkum, P B and Bhardwaj, V R},
  year = {2008},
  pages = {215104}
}

@mastersthesis{Gagnon06,
  title = {Laser Coulomb Explosion Imaging of Polyatomic Molecules},
  author = {Gagnon, Justin},
  school = {University of Ottawa},
  year = {2006}
} 

@article{Legare05dynamics,
  title = {Imaging the time-dependent structure of a molecule as it undergoes dynamics},
  volume = {72},
  doi = {10.1103/PhysRevA.72.052717},
  number = {5},
  journal = {Physical Review A},
  author = {Légaré, F. and Lee, Kevin and Litvinyuk, I. and Dooley, P. and Bandrauk, a. and Villeneuve, D. and Corkum, P.},
  year = {2005},
  note = {00084},
  pages = {052717}
}

@article{Legare05structure,
  title = {Laser Coulomb-explosion imaging of small molecules},
  volume = {71},
  doi = {10.1103/PhysRevA.71.013415},
  number = {1},
  journal = {Physical Review A},
  author = {Légaré, F. and Lee, Kevin and Litvinyuk, I. and Dooley, P. and Wesolowski, S. and Bunker, P. and Dombi, P. and Krausz, F. and Bandrauk, a. and Villeneuve, D. and Corkum, P.},
  year = {2005},
  pages = {013415}
}

@article{Nagaya04,
  title = {Laser Coulomb explosion imaging of linear triatomic molecules},
  volume = {37},
  doi = {10.1088/0953-4075/37/14/001},
  number = {14},
  journal = {Journal of Physics B: Atomic, Molecular and Optical Physics},
  author = {Nagaya, Kuninobu and Bandrauk, André D},
  year = {2004},
  pages = {2829--53}
}

###########
# HCI CEI #
###########

@article{Wales13,
  title = {Comparing {Coulomb} explosion dynamics of multiply charged triatomic molecules after ionization by highly charged ion impact and few cycle femtosecond laser pulses},
  volume = {T156},
  doi = {10.1088/0031-8949/2013/T156/014068},
  journal = {Physica Scripta},
  author = {Wales, B and Karimi, R and Bisson, E and Buleau, S and Giguère, M and Motojima, T and Anderson, R and Matsumoto, J and Kieffer, J-C and Légaré, F and Shiromaru, H and Sanderson, J},
  year = {2013},
  pages = {014068},
}

@article{Wales12HCI,
  title = {Multiple ionization and complete fragmentation of OCS by impact with highly charged ions Ar$^{4+}$ and Ar$^{8+}$ at 15 keV q$^{−1}$},
  volume = {45},
  doi = {10.1088/0953-4075/45/4/045205},
  number = {4},
  journal = {Journal of Physics B: Atomic, Molecular and Optical Physics},
  author = {Wales, Benji and Motojima, Tomonori and Matsumoto, Jun and Long, ZiJian and Liu, Wing-Ki and Shiromaru, Haruo and Sanderson, Joseph},
  year = {2012},
  pages = {045205},
}

#############
# Laser CEI #
#############

@incollection{Karimi16ch,
  title = {Femtosecond Laser-Induced Coulomb Explosion Imaging},
  author = {Karimi, Reza and Liu, Wing-Ki and Sanderson, Joseph},
  editor = {Lin, S H and Villaeys, A A and Fujimura, Y.},
  booktitle = {Advances in Multi-Photon Processes and Spectroscopy (Volume 23)},
  publisher = {World Scientific},
  year = {2016},
  pages = {97--153},
  chapter = {3},
  doi = {10.1142/9789814749763_0003}
}

@article{Ibrahim14,
  title = {Tabletop imaging of structural evolutions in chemical reactions demonstrated for the acetylene cation},
  volume = {5},
  doi = {10.1038/ncomms5422},
  journal = {Nature Communications},
  author = {Ibrahim, Heide and Wales, Benji and Beaulieu, Samuel and Schmidt, Bruno E and Thiré, Nicolas and Fowe, Emmanuel P and Bisson, Éric and Hebeisen, Christoph T and Wanie, Vincent and Giguére, Mathieu and Kieffer, Jean-Claude and Spanner, Michael and Bandrauk, André D and Sanderson, Joseph and Schuurman, Michael S and Légaré, François},
  year = {2014},
  pages = {4422},
}

@article{Wales14,
  title = {Coulomb imaging of the concerted and stepwise break up processes of {OCS} ions in intense femtosecond laser radiation},
  volume = {195},
  doi = {10.1016/j.elspec.2014.05.003},
  number = {2014},
  journal = {Journal of Electron Spectroscopy and Related Phenomena},
  author = {Wales, Benji and Bisson, Éric and Karimi, Reza and Beaulieu, Samuel and Ramadhan, Ali and Giguère, Mathieu and Long, ZiJian and Liu, Wing-Ki and Kieffer, Jean-Claude and Légaré, François and Sanderson, Joseph},
  year = {2014},
  pages = {332--36},
}

@article{Karimi13,
  title = {N2O ionization and dissociation dynamics in intense femtosecond laser radiation, probed by systematic pulse length variation from 7 to 500 fs},
  volume = {138},
  doi = {10.1063/1.4804653},
  number = {20},
  journal = {The Journal of Chemical Physics},
  author = {Karimi, Reza and Bisson, Éric and Wales, B. and Beaulieu, Samuel and Giguère, Mathieu and Long, ZiJian and Liu, Wing-Ki and Kieffer, Jean-Claude and Légaré, François and Sanderson, Joseph},
  year = {2013},
  pages = {204311}
}

###########
# Methods #
###########

@article{Wales12Algorithm,
  title = {A coincidence detection algorithm for improving detection rates in coulomb explosion imaging},
  volume = {667},
  doi = {10.1016/j.nima.2011.11.082},
  journal = {Nuclear Instruments and Methods in Physics Research Section A: Accelerators, Spectrometers, Detectors and Associated Equipment},
  author = {Wales, Benji and Bisson, Eric and Karimi, Reza and Kieffer, Jean-Claude and Légaré, Francois and Sanderson, Joseph},
  year = {2012},
  pages = {11--15},
}

@article{Veshapidze02,
  title = {A Time- and Position-Sensitive Detector using a Resistive Film Anode Combined with a ``Modified Backgammon with Weighted Capacitors'' Readout Pad},
  volume = {41},
  doi = {10.1143/JJAP.41.871},
  number = {Part 1, No. 2A},
  journal = {Japanese Journal of Applied Physics},
  author = {Veshapidze, Giorgi and Nishide, Tatsuhiro and Shiromaru, Haruo and Kobayashi, Nobuo and Mizogawa, Tatsumi},
  year = {2002},
  pages = {871--75},
}

@article{Mizogawa02,
  title = {A two-dimensional position-sensitive ion detector based on modified backgammon method with weighted-coupling capacitors},
  volume = {215},
  url = {http://www.sciencedirect.com/science/article/pii/S1387380601005875},
  number = {1},
  journal = {International Journal of Mass Spectrometry},
  author = {Mizogawa, Tatsumi and Shiromaru, Haruo and Sato, Michiyuki and Ito, Yoshiro},
  year = {2002},
  pages = {141--149}
}

@article{Mizogawa92,
  title = {New readout technique for two-dimensional position-sensitive detectors},
  volume = {312},
  doi = {10.1016/0168-9002(92)90203-G},
  number = {3},
  journal = {Nuclear Instruments and Methods in Physics Research Section A: Accelerators, Spectrometers, Detectors and Associated Equipment},
  author = {Mizogawa, Tatsumi and Awaya, Yohko and Isozumi, Yasuhito and Katano, Rintaro and Ito, Shin and Maeda, Nobuhiro},
  year = {1992},
  pages = {547--552}
} 
