@misc{Waskom17,
  author       = {Michael Waskom and
  Olga Botvinnik and
  Drew O'Kane and
  Paul Hobson and
  Saulius Lukauskas and
  David C Gemperline and
  Tom Augspurger and
  Yaroslav Halchenko and
  John B. Cole and
  Jordi Warmenhoven and
  Julian de Ruiter and
  Stephan Hoyer and
  Jake Vanderplas and
  Santi Villalba and
  Gero Kunter and
  Eric Quintero and
  Pete Bachant and
  Marcel Martin and
  Kyle Meyer and
  Alistair Miles and
  Yoav Ram and
  Cameron Pye and
  Tal Yarkoni and
  Mike Lee Williams and
  Constantine Evans and
  Clark Fitzgerald and
  Brian and
  Chris Fonnesbeck and
  Antony Lee and
  Adel Qalieh},
  title        = {mwaskom/seaborn: v0.8.0 (July 2017)},
  year         = 2017,
  doi          = {10.5281/zenodo.824567},
  url          = {https://doi.org/10.5281/zenodo.824567}
}

@misc{Droettboom17,
  author       = {Michael Droettboom and
  Thomas A Caswell and
  John Hunter and
  Eric Firing and
  Jens Hedegaard Nielsen and
  Nelle Varoquaux and
  Benjamin Root and
  Phil Elson and
  Darren Dale and
  Jae-Joon Lee and
  Elliott Sales de Andrade and
  Jouni K. Seppänen and
  Damon McDougall and
  Ryan May and
  Antony Lee and
  Andrew Straw and
  David Stansby and
  Paul Hobson and
  Tony S Yu and
  Eric Ma and
  Christoph Gohlke and
  Steven Silvester and
  Charlie Moad and
  Jan Schulz and
  Adrien F. Vincent and
  Peter Würtz and
  Federico Ariza and
  Cimarron and
  Thomas Hisch and
  Nikita Kniazev},
  title        = {matplotlib/matplotlib v2.0.2},
  year         = 2017,
  doi          = {10.5281/zenodo.573577},
  url          = {https://doi.org/10.5281/zenodo.573577}
}

@misc{Schloerke17,
  author       = {Barret Schloerke and
  François Briatte and
  bigbeardesktop and
  Jason Crowley and
  justsomeone1001 and
  Dianne Cook and
  Eduardo Ibanez and
  Ross and
  Kevin Ogden and
  Carson Sievert and
  Joseph and
  Jonathan Gilligan and
  elbamos and
  Marcus W Beck and
  Jakob Richter and
  FabianRoger and
  Edwin Thoen and
  Christoph Schmidt and
  John Muschelli and
  Kirill Müller and
  Ben Bolker and
  Yihui Xie and
  The Gitter Badger and
  Heike Hofmann and
  Gökçen Eraslan and
  Chuanxin},
  title        = {ggobi/ggally: v1.3.1},
  year         = 2017,
  doi          = {10.5281/zenodo.804425},
  url          = {https://doi.org/10.5281/zenodo.804425}
}

@manual{R17,
  title = {R: A Language and Environment for Statistical Computing},
  author = {{R Core Team}},
  organization = {R Foundation for Statistical Computing},
  address = {Vienna, Austria},
  year = {2017},
  url = {https://www.R-project.org/},
}

@manual{Arnold17,
  title = {ggthemes: Extra Themes, Scales and Geoms for 'ggplot2'},
  author = {Jeffrey B. Arnold},
  year = {2017},
  note = {R package version 3.4.0},
  url = {https://CRAN.R-project.org/package=ggthemes},
}

@book{Chang12,
  title={R Graphics Cookbook: Practical Recipes for Visualizing Data},
  author={Chang, Winston},
  year={2012},
  publisher={O'Reilly Media, Inc.},
  address = {Sebastopol, California},
  pagetotal = {416}
}

@book{Wickham09,
  author = {Hadley Wickham},
  title = {ggplot2: Elegant Graphics for Data Analysis},
  publisher = {Springer-Verlag},
  address = {New York},
  year = {2009},
  url = {http://ggplot2.org},
  pagetotal = {213}
}

@article{Hunter07,
  Author    = {Hunter, J. D.},
  Title     = {Matplotlib: A 2D graphics environment},
  Journal   = {Computing In Science \& Engineering},
  Volume    = {9},
  Number    = {3},
  Pages     = {90--95},
  doi = {10.1109/MCSE.2007.55},
  year      = 2007
}

@article{Oliphant07,
  title = {Python for scientific computing},
  author = {Oliphant, Travis E},
  journal = {Computing in Science \& Engineering},
  volume = {9},
  number = {3},
  year = {2007},
  doi = {10.1109/MCSE.2007.58}
}

@Misc{Jones01,
  author =    {Eric Jones and Travis Oliphant and Pearu Peterson and others},
  title =     {{SciPy}: Open source scientific tools for {Python}},
  year =      {2001--},
  url = {http://www.scipy.org/}
}