###########
# Methods #
###########

@article{Wales12Algorithm,
  title = {A coincidence detection algorithm for improving detection rates in coulomb explosion imaging},
  volume = {667},
  doi = {10.1016/j.nima.2011.11.082},
  journal = {Nuclear Instruments and Methods in Physics Research Section A: Accelerators, Spectrometers, Detectors and Associated Equipment},
  author = {Wales, Benji and Bisson, Eric and Karimi, Reza and Kieffer, Jean-Claude and Légaré, Francois and Sanderson, Joseph},
  year = {2012},
  pages = {11--15},
}

@article{Veshapidze02,
  title = {A Time- and Position-Sensitive Detector using a Resistive Film Anode Combined with a ``Modified Backgammon with Weighted Capacitors'' Readout Pad},
  volume = {41},
  doi = {10.1143/JJAP.41.871},
  number = {Part 1, No. 2A},
  journal = {Japanese Journal of Applied Physics},
  author = {Veshapidze, Giorgi and Nishide, Tatsuhiro and Shiromaru, Haruo and Kobayashi, Nobuo and Mizogawa, Tatsumi},
  year = {2002},
  pages = {871--875},
}

@article{Mizogawa02,
  title = {A two-dimensional position-sensitive ion detector based on modified backgammon method with weighted-coupling capacitors},
  volume = {215},
  url = {http://www.sciencedirect.com/science/article/pii/S1387380601005875},
  number = {1},
  journal = {International Journal of Mass Spectrometry},
  author = {Mizogawa, Tatsumi and Shiromaru, Haruo and Sato, Michiyuki and Ito, Yoshiro},
  year = {2002},
  pages = {141--149}
}

@article{Mizogawa92,
  title = {New readout technique for two-dimensional position-sensitive detectors},
  volume = {312},
  doi = {10.1016/0168-9002(92)90203-G},
  number = {3},
  journal = {Nuclear Instruments and Methods in Physics Research Section A: Accelerators, Spectrometers, Detectors and Associated Equipment},
  author = {Mizogawa, Tatsumi and Awaya, Yohko and Isozumi, Yasuhito and Katano, Rintaro and Ito, Shin and Maeda, Nobuhiro},
  year = {1992},
  pages = {547--552}
}


###################################
# Forward uncertainty propagation #
###################################

@article{Ku66,
  title={Notes on the use of propagation of error formulas},
  author={Ku, H H},
  journal={Journal of Research of the National Bureau of Standards},
  volume={70},
  number={4},
  year={1966},
  doi={10.6028/jres.070c.025}
}

@article{Birge39,
  title={The propagation of errors},
  author={Birge, Raymond T},
  journal={American Journal of Physics},
  volume={7},
  number={6},
  pages={351--357},
  year={1939},
  doi={10.1119/1.1991484}
}


#############################
# Exploratory data analysis #
#############################

@article{Emerson13,
  title = {The {Generalized} {Pairs} {Plot}},
  volume = {22},
  doi = {10.1080/10618600.2012.694762},
  number = {1},
  journal = {Journal of Computational and Graphical Statistics},
  author = {Emerson, John W. and Green, Walton A. and Schloerke, Barret and Crowley, Jason and Cook, Dianne and Hofmann, Heike and Wickham, Hadley},
  year = {2013},
  pages = {79--91}
}

@book{Tukey77,
  title = {Exploratory data analysis},
  author = {Tukey, John W},
  year = {1977},
  publisher = {Addison-Wesley Publishing Company},
  address = {Phillipines},
  pagetotal = {688}
}

@article{Hartigan75,
  title = {Printer graphics for clustering},
  volume = {4},
  doi = {10.1080/00949657508810123},
  number = {3},
  journal = {Journal of Statistical Computation and Simulation},
  author = {Hartigan, J.A.},
  year = {1975},
  pages = {187--213}
}


#############################
# Kernel density estimation #
#############################

@book{Scott15,
  title={Multivariate density estimation: theory, practice, and visualization},
  edition={2},
  author={Scott, David W},
  year={2015},
  publisher={John Wiley \& Sons},
  address = {Hoboken, New Jersey},
  pagetotal = {384}
}

@article{Kendall99,
  title = {Kendall's advanced theory of statistics, Volume 2A, Classical inference and the linear model},
  edition = {6},
  author = {Stuart, Alan and Ord, J Keith and Arnold, Steven},
  year = {2010},
  publisher = {Wiley},
  pagetotal = {912}
}

@article{Duong03,
  title = {Plug-in bandwidth matrices for bivariate kernel density estimation},
  author = {Duong, Tarn and Hazelton, Martin},
  journal = {Journal of Nonparametric Statistics},
  volume = {15},
  number = {1},
  pages = {17--30},
  year = {2003},
  doi = {10.1080/10485250306039}
}

@article{Jones96,
  title = {A brief survey of bandwidth selection for density estimation},
  author = {Jones, M Chris and Marron, James S and Sheather, Simon J},
  journal = {Journal of the American Statistical Association},
  volume = {91},
  number = {433},
  pages = {401--407},
  year = {1996},
  doi = {10.2307/2291420}
}

@article{Wand93,
  title = {Comparison of smoothing parameterizations in bivariate kernel density estimation},
  author = {Wand, Matt P and Jones, M Chris},
  journal = {Journal of the American Statistical Association},
  volume = {88},
  number = {422},
  pages = {520--528},
  year = {1993},
  doi = {10.2307/2290332}
}

@book{Silverman86,
  title = {Density estimation for statistics and data analysis},
  author = {Silverman, Bernard W},
  year = {1986},
  publisher = {Chapman and Hall},
  pagetotal = {176}
}

############################
# Computational simulation #
############################

@article{Slater15,
  title = {Coulomb-explosion imaging using a pixel-imaging mass-spectrometry camera},
  volume = {91},
  doi = {10.1103/PhysRevA.91.053424},
  number = {5},
  journal = {Physical Review A},
  author = {Slater, Craig S. and Blake, Sophie and Brouard, Mark and Lauer, Alexandra and Vallance, Claire and Bohun, C. Sean and Christensen, Lauge and Nielsen, Jens H. and Johansson, Mikael P. and Stapelfeldt, Henrik},
  year = {2015},
} 


###############
# Conventions #
###############

@article{Parsons05,
  title = {Practical conversion from torsion space to {Cartesian} space for In Silico protein synthesis},
  volume = {26},
  doi = {10.1002/jcc.20237},
  number = {10},
  journal = {Journal of Computational Chemistry},
  author = {Parsons, Jerod and Holmes, J. Bradley and Rojas, J. Maurice and Tsai, Jerry and Strauss, Charlie E. M.},
  year = {2005},
  pages = {1063--1068}
}

@article{Baker96,
  title={The location of transition states: A comparison of Cartesian, Z-matrix, and natural internal coordinates},
  author={Baker, Jon and Chan, Fora},
  journal={Journal of computational chemistry},
  volume={17},
  number={7},
  pages={888--904},
  year={1996}
}

@article{Peng96,
  title={Using redundant internal coordinates to optimize equilibrium geometries and transition states},
  author={Peng, Chunyang and Ayala, Philippe Y and Schlegel, H Bernhard and Frisch, Michael J},
  journal={Journal of Computational Chemistry},
  volume={17},
  number={1},
  pages={49--56},
  year={1996}
}

@article{Baker91,
  title={Geometry optimization in cartesian coordinates: The end of the Z-matrix?},
  author={Baker, Jon and Hehre, Warren J},
  journal={Journal of computational chemistry},
  volume={12},
  number={5},
  pages={606--610},
  year={1991}
}
