@article{Vager89,
  title = {Coulomb explosion imaging of small molecules},
  volume = {244},
  number = {4903},
  journal = {Science},
  author = {Vager, Z. and Naaman, R. and Kanter, E. P.},
  year = {1989},
  pages = {426--31},
  url = {http://tex.stackexchange.com/},
  addendum = {\\ \textit{This is a classic of linguistics.}}
}

@incollection{Karimi16ch,
  title = {Femtosecond Laser-Induced Coulomb Explosion Imaging},
  author = {Karimi, Reza and Liu, Wing-Ki and Sanderson, Joseph},
  editor = {Lin, S H and Villaeys, A A and Fujimura, Y.},
  booktitle = {Advances in Multi-Photon Processes and Spectroscopy (Volume 23)},
  publisher = {World Scientific},
  year = {2016},
  pages = {97--153},
  chapter = {3},
  doi = {10.1142/9789814749763_0003}
}