@article{Ramadhan16,
  title = {Ultrafast molecular dynamics of dissociative ionization in {OCS} probed by soft x-ray synchrotron radiation},
  volume = {49},
  url = {http://stacks.iop.org/0953-4075/49/i=21/a=215602?key=crossref.7aef771ea8891dd9a8cf6d78292dffed},
  doi = {10.1088/0953-4075/49/21/215602},
  number = {21},
  journal = {Journal of Physics B: Atomic, Molecular and Optical Physics},
  author = {Ramadhan, Ali and Wales, Benji and Karimi, Reza and Gauthier, Isabelle and MacDonald, Michael and Zuin, Lucia and Sanderson, Joe},
  year = {2016},
  pages = {215602}
} 

@article{Xu16,
  title = {Time-resolved molecular imaging},
  volume = {49},
  url = {http://stacks.iop.org/0953-4075/49/i=11/a=112001?key=crossref.243f23d7744d415e2ce82d64c103c5de},
  doi = {10.1088/0953-4075/49/11/112001},
  number = {11},
  journal = {Journal of Physics B: Atomic, Molecular and Optical Physics},
  author = {Xu, Junliang and Blaga, Cosmin I and Agostini, Pierre and DiMauro, Louis F},
  year = {2016},
  pages = {112001}
}

@article{Matsuda14,
	title = {Time-resolved laser {Coulomb} explosion imaging using few-cycle intense laser pulses: {Application} to exploding {CS}2 in highly charged states},
	volume = {195},
	url = {http://dx.doi.org/10.1016/j.elspec.2013.12.011},
	doi = {10.1016/j.elspec.2013.12.011},
	number = {2014},
	journal = {Journal of Electron Spectroscopy and Related Phenomena},
	author = {Matsuda, Akitaka and Takahashi, Eiji J. and Hishikawa, Akiyoshi},
	year = {2014},
	pages = {327--331}
}

@incollection{Vager01,
	title = {Coulomb explosion imaging of molecules},
	volume = {45},
	isbn = {978-0-12-003845-9},
	url = {http://linkinghub.elsevier.com/retrieve/pii/S1049250X01800410},
	language = {en},
	urldate = {2017-05-04},
	booktitle = {Advances {In} {Atomic}, {Molecular}, and {Optical} {Physics}},
	publisher = {Elsevier},
	author = {Vager, Z.},
	year = {2001},
	pages = {203--239}
}