###########
# HISTORY #
###########

@article{abdulaziz_egyptian_2008,
  title = {On the Egyptian method of decomposing 2/n into unit fractions},
  volume = {35},
  doi = {10.1016/j.hm.2007.03.002},
  number = {1},
  journal = {Historia Mathematica},
  author = {Abdulaziz, Abdulrahman A.},
  year = {2008},
  pages = {1--18}
}

@article{Maher01,
  title={Literary evidence for Roman arithmetic with fractions},
  author={Maher, David W and Makowski, John F},
  journal={Classical Philology},
  volume={96},
  number={4},
  pages={376--399},
  year={2001},
  doi={10.1086/449557}
}

@article{Hayashi97,
  title = {\={A}ryabha\d{t}a's Rule and Table for Sine-Differences},
  journal = {Historia Mathematica},
  volume = {24},
  number = {4},
  pages = {396--406},
  year = {1997},
  doi = {10.1006/hmat.1997.2160},
  author = {Takao Hayashi}
}

@book{Gillings82,
  address = {New York},
  title = {Mathematics in the time of the pharaohs},
  publisher = {Dover},
  author = {Gillings, Richard J.},
  year = {1982},
}

@article{Gillings74,
  title = {The Recto of the Rhind mathematical Papyrus How Did the Ancient Egyptian Scribe Prepare it?},
  volume = {12},
  url = {http://www.springerlink.com/index/p8323221u754118t.pdf},
  number = {4},
  journal = {Archive for History of Exact Sciences},
  author = {Gillings, Richard J.},
  year = {1974},
  pages = {291--298}
}

@book{Neugebauer45,
  title = {Mathematical Cuneiform Texts},
  author = {Neugebauer, Otto and Sachs, Abraham Joseph and G{\"o}tze, Albrecht},
  volume = {29},
  year = {1945},
  publisher = {American Oriental Society}
}

@article{Glanville27,
  title = {The Mathematical Leather Roll in the British Museum},
  volume = {13},
  doi = {10.2307/3853964},
  number = {3/4},
  journal = {The Journal of Egyptian Archaeology},
  author = {Glanville, S. R. K.},
  year = {1927},
  pages = {232--239}
} 