@article{Ren01,
  title = {A {Molecular} {Movie} at 1.8 Å {Resolution} {Displays} the {Photocycle} of {Photoactive} {Yellow} {Protein}, a {Eubacterial} {Blue}-{Light} {Receptor}, from {Nanoseconds} to {Seconds} $^{\textrm{†}}$},
  volume = {40},
  doi = {10.1021/bi0107142},
  number = {46},
  journal = {Biochemistry},
  author = {Ren, Zhong and Perman, Benjamin and Šrajer, Vukica and Teng, T.-Y. and Pradervand, Claude and Bourgeois, Dominique and Schotte, Friederich and Ursby, Thomas and Kort, Remco and Wulff, Michael and Moffat, Keith},
  year = {2001},
  pages = {13788--801}
}

@article{Srajer01,
  title = {Protein {Conformational} {Relaxation} and {Ligand} {Migration} in {Myoglobin}: {A} {Nanosecond} to {Millisecond} {Molecular} {Movie} from {Time}-{Resolved} {Laue} {X}-ray {Diffraction} $^{\textrm{†}}$},
  volume = {40},
  doi = {10.1021/bi010715u},
  number = {46},
  journal = {Biochemistry},
  author = {Šrajer, Vukica and Ren, Zhong and Teng, Tsu-Yi and Schmidt, Marius and Ursby, Thomas and Bourgeois, Dominique and Pradervand, Claude and Schildkamp, Wilfried and Wulff, Michael and Moffat, Keith},
  year = {2001},
  pages = {13802--815}
}

@article{Schotte03,
  title = {Watching a {Protein} as it {Functions} with 150-ps {Time}-{Resolved} {X}-ray {Crystallography}},
  volume = {300},
  doi = {10.1126/science.1078797},
  number = {5627},
  journal = {Science},
  author = {Schotte, F.},
  year = {2003},
  pages = {1944--47}
}

@article{Cheung12,
  title = {A {Movie} of {RNA} {Polymerase} {II} {Transcription}},
  volume = {149},
  doi = {10.1016/j.cell.2012.06.006},
  number = {7},
  journal = {Cell},
  author = {Cheung, Alan C.M. and Cramer, Patrick},
  year = {2012},
  pages = {1431--37}
}