@article{Wright10,
	title = {Nelder, {Mead}, and the other simplex method},
	volume = {7},
	url = {http://www.emis.ams.org/journals/DMJDMV/vol-ismp/42_wright-margaret.pdf},
	journal = {Documenta Mathematica},
	author = {Wright, Margaret H.},
	year = {2010},
	pages = {271--276},
}

@article{McKinnon98,
  title = {Convergence of the Nelder-Mead Simplex Method to a Nonstationary Point},
  volume = {9},
  url = {http://epubs.siam.org/doi/abs/10.1137/S1052623496303482},
  number = {1},
  journal = {SIAM Journal on Optimization},
  author = {McKinnon, Ken IM},
  year = {1998},
  pages = {148--158}
}

@article{Nelder65,
	title = {A Simplex Method for Function Minimization},
	volume = {7},
	doi = {10.1093/comjnl/7.4.308},
	number = {4},
	journal = {The Computer Journal},
	author = {Nelder, J. A. and Mead, R.},
	year = {1965},
	pages = {308--313}
}

@article{Spendley62,
  title = {Sequential Application of Simplex Designs in Optimisation and Evolutionary Operation},
  volume = {4},
  doi = {10.1080/00401706.1962.10490033},
  number = {4},
  journal = {Technometrics},
  author = {Spendley, W. and Hext, G. R. and Himsworth, F. R.},
  year = {1962},
  pages = {441--461}
}