#################################
# Convex hulls and alpha shapes #
#################################

@article{Liang98,
  title={Analytical shape computation of macromolecules: I. Molecular area and volume through alpha shape},
  author={Liang, Jie and Edelsbrunner, Herbert and Fu, Ping and Sudhakar, Pamidighantam V and Subramaniam, Shankar},
  journal={Proteins: Structure, Function, and Bioinformatics},
  volume={33},
  number={1},
  pages={1--17},
  year={1998}
}

@article{Edelsbrunner94,
  title = {Three-dimensional alpha shapes},
  volume = {13},
  url = {http://dl.acm.org/citation.cfm?id=156635},
  number = {1},
  journal = {ACM Transactions on Graphics (TOG)},
  author = {Edelsbrunner, Herbert and MÃ¼cke, Ernst P.},
  year = {1994},
  pages = {43--72},
}

@article{Edelsbrunner83,
  title={On the shape of a set of points in the plane},
  author={Edelsbrunner, Herbert and Kirkpatrick, David and Seidel, Raimund},
  journal={IEEE Transactions on information theory},
  volume={29},
  number={4},
  pages={551--559},
  year={1983}
}
