@article{Vager89,
  title = {Coulomb explosion imaging of small molecules},
  volume = {244},
  url = {http://search.proquest.com/openview/dfc9a0356521dec3b42668b91a7b8b5e/1.pdf?pq-origsite=gscholar&cbl=1256},
  number = {4903},
  journal = {Science},
  author = {Vager, Z. and Naaman, R. and Kanter, E. P.},
  year = {1989},
  note = {00258},
  pages = {426--431},
  file = {Vager et al, 1989, Science, Coulomb explosion imaging of small molecules.pdf:D\:\\Home\\Papers\\Vager et al, 1989, Science, Coulomb explosion imaging of small molecules.pdf:application/pdf},
  addendum = {This is a classic of linguistics.}
}


@article{Veshapidze02,
  title = {A {Time}- and {Position}-{Sensitive} {Detector} using a {Resistive} {Film} {Anode} {Combined} with a “{Modified} {Backgammon} with {Weighted} {Capacitors}” {Readout} {Pad}},
  volume = {41},
  url = {http://stacks.iop.org/1347-4065/41/871},
  doi = {10.1143/JJAP.41.871},
  number = {Part 1, No. 2A},
  journal = {Japanese Journal of Applied Physics},
  author = {Veshapidze, Giorgi and Nishide, Tatsuhiro and Shiromaru, Haruo and Kobayashi, Nobuo and Mizogawa, Tatsumi},
  month = feb,
  year = {2002},
  note = {00005},
  pages = {871--875},
  file = {Veshapidze et al, 2002, Japanese Journal of Applied Physics, A Time- and Position-Sensitive Detector using a Resistive Film Anode Combined with a “Modified Backgammon with Weighted.pdf:D\:\\Home\\Papers\\Veshapidze et al, 2002, Japanese Journal of Applied Physics, A Time- and Position-Sensitive Detector using a Resistive Film Anode Combined with a “Modified Backgammon with Weighted.pdf:application/pdf}
}

@article{Wales12Algorithm,
  title = {A coincidence detection algorithm for improving detection rates in coulomb explosion imaging},
  volume = {667},
  url = {http://linkinghub.elsevier.com/retrieve/pii/S0168900211021528},
  doi = {10.1016/j.nima.2011.11.082},
  number = {2012},
  journal = {Nuclear Instruments and Methods in Physics Research Section A: Accelerators, Spectrometers, Detectors and Associated Equipment},
  author = {Wales, Benji and Bisson, Eric and Karimi, Reza and Kieffer, Jean-Claude and Légaré, Francois and Sanderson, Joseph},
  month = mar,
  year = {2012},
  note = {00009},
  keywords = {11, 15, 667, 2012, contents lists available at, in, in physics research a, lear instruments and methods, nuclear instruments and methods, sciverse sciencedirect},
  pages = {11--15},
  file = {Wales et al, 2012, Nuclear Instruments and Methods in Physics Research Section A Accelerators, Spectrometers, Detectors and Associated Equipment, A coincidence detection algorithm for improving detection rates in coulomb explosion imaging.pdf:D\:\\Home\\Papers\\Wales et al, 2012, Nuclear Instruments and Methods in Physics Research Section A Accelerators, Spectrometers, Detectors and Associated Equipment, A coincidence detection algorithm for improving detection rates in coulomb explosion imaging.pdf:application/pdf}
}


@article{Bocharova11,
  title = {Charge {Resonance} {Enhanced} {Ionization} of {CO}\_\{2\} {Probed} by {Laser} {Coulomb} {Explosion} {Imaging}.},
  volume = {107},
  url = {http://link.aps.org/doi/10.1103/PhysRevLett.107.063201},
  doi = {10.1103/PhysRevLett.107.063201},
  number = {6},
  journal = {Physical Review Letters},
  author = {Bocharova, Irina and Karimi, Reza and Penka, Emmanuel F and Brichta, Jean-Paul and Lassonde, Philippe and Fu, Xiquan and Kieffer, Jean-Claude and Bandrauk, André D and Litvinyuk, Igor and Sanderson, Joseph and Légaré, François},
  month = aug,
  year = {2011},
  note = {00000},
  pages = {063201--063201},
  file = {Bocharova et al, 2011, Physical review letters, Charge Resonance Enhanced Ionization of CO_ 2 Probed by Laser Coulomb Explosion Imaging.pdf:D\:\\Home\\Papers\\Bocharova et al, 2011, Physical review letters, Charge Resonance Enhanced Ionization of CO_ 2 Probed by Laser Coulomb Explosion Imaging.pdf:application/pdf}
}

@article{Wales12HCI,
  title = {Multiple ionization and complete fragmentation of {OCS} by impact with highly charged ions {Ar} 4+ and {Ar} 8+ at 15 {keV} q −1},
  volume = {45},
  url = {http://stacks.iop.org/0953-4075/45/i=4/a=045205?key=crossref.590dbd90a427f4c2c6e56f91be8614fc},
  doi = {10.1088/0953-4075/45/4/045205},
  number = {4},
  journal = {Journal of Physics B: Atomic, Molecular and Optical Physics},
  author = {Wales, Benji and Motojima, Tomonori and Matsumoto, Jun and Long, ZiJian and Liu, Wing-Ki and Shiromaru, Haruo and Sanderson, Joseph},
  month = feb,
  year = {2012},
  note = {00000},
  pages = {045205--045205},
  file = {Wales et al, 2012, Journal of Physics B Atomic, Molecular and Optical Physics, Multiple ionization and complete fragmentation of OCS by impact with highly charged ions Ar 4+ and Ar 8+ at 15 keV q −1.pdf:D\:\\Home\\Papers\\Wales et al, 2012, Journal of Physics B Atomic, Molecular and Optical Physics, Multiple ionization and complete fragmentation of OCS by impact with highly charged ions Ar 4+ and Ar 8+ at 15 keV q −1.pdf:application/pdf}
}

@article{Karimi13,
  title = {N2O ionization and dissociation dynamics in intense femtosecond laser radiation, probed by systematic pulse length variation from 7 to 500 fs},
  volume = {138},
  issn = {00219606},
  url = {http://scitation.aip.org/content/aip/journal/jcp/138/20/10.1063/1.4804653},
  doi = {10.1063/1.4804653},
  language = {en},
  number = {20},
  urldate = {2016-06-05},
  journal = {The Journal of Chemical Physics},
  author = {Karimi, Reza and Bisson, Éric and Wales, B. and Beaulieu, Samuel and Giguère, Mathieu and Long, ZiJian and Liu, Wing-Ki and Kieffer, Jean-Claude and Légaré, François and Sanderson, Joseph},
  year = {2013},
  note = {00006},
  pages = {204311}
}

@article{Wales13,
  title = {Comparing {Coulomb} explosion dynamics of multiply charged triatomic molecules after ionization by highly charged ion impact and few cycle femtosecond laser pulses},
  volume = {T156},
  url = {http://stacks.iop.org/1402-4896/2013/i=T156/a=014068?key=crossref.018f44c2dcce2137d15e2b42e9d674c3},
  doi = {10.1088/0031-8949/2013/T156/014068},
  journal = {Physica Scripta},
  author = {Wales, B and Karimi, R and Bisson, E and Buleau, S and Giguère, M and Motojima, T and Anderson, R and Matsumoto, J and Kieffer, J-C and Légaré, F and Shiromaru, H and Sanderson, J},
  month = sep,
  year = {2013},
  note = {00003},
  pages = {014068--014068},
  file = {Wales et al, 2013, Physica Scripta, Comparing Coulomb explosion dynamics of multiply charged triatomic molecules after ionization by highly charged ion.pdf:D\:\\Home\\Papers\\Wales et al, 2013, Physica Scripta, Comparing Coulomb explosion dynamics of multiply charged triatomic molecules after ionization by highly charged ion.pdf:application/pdf}
}

@article{Ibrahim14,
  title = {Tabletop imaging of structural evolutions in chemical reactions demonstrated for the acetylene cation.},
  volume = {5},
  url = {http://www.ncbi.nlm.nih.gov/pubmed/25034613},
  doi = {10.1038/ncomms5422},
  journal = {Nature Communications},
  author = {Ibrahim, Heide and Wales, Benji and Beaulieu, Samuel and Schmidt, Bruno E and Thiré, Nicolas and Fowe, Emmanuel P and Bisson, Éric and Hebeisen, Christoph T and Wanie, Vincent and Giguére, Mathieu and Kieffer, Jean-Claude and Spanner, Michael and Bandrauk, André D and Sanderson, Joseph and Schuurman, Michael S and Légaré, François},
  month = jan,
  year = {2014},
  note = {00021},
  keywords = {10, 1038, accepted 17 jun 2014, doi, evolutions in, icle, ncomms5422, published 18 jul 2014, received 18 dec 2013, tabletop imaging of structural},
  pages = {4422--4422},
  file = {Ibrahim et al, 2014, Nature communications, Tabletop imaging of structural evolutions in chemical reactions demonstrated for the acetylene cation.pdf:D\:\\Home\\Papers\\Ibrahim et al, 2014, Nature communications, Tabletop imaging of structural evolutions in chemical reactions demonstrated for the acetylene cation.pdf:application/pdf}
}

@article{Wales14,
  title = {Coulomb imaging of the concerted and stepwise break up processes of {OCS} ions in intense femtosecond laser radiation},
  volume = {195},
  doi = {10.1016/j.elspec.2014.05.003},
  number = {2014},
  journal = {Journal of Electron Spectroscopy and Related Phenomena},
  author = {Wales, Benji and Bisson, Éric and Karimi, Reza and Beaulieu, Samuel and Ramadhan, Ali and Giguère, Mathieu and Long, ZiJian and Liu, Wing-Ki and Kieffer, Jean-Claude and Légaré, François and Sanderson, Joseph},
  month = aug,
  year = {2014},
  note = {00003},
  keywords = {332, 336, 2014, and, and related phenomena 195, contents lists available at, journal of electron spectroscopy, rnal of electron spectroscopy, sciencedirect},
  pages = {332--336},
  file = {Wales et al, 2014, Journal of Electron Spectroscopy and Related Phenomena, Coulomb imaging of the concerted and stepwise break up processes of OCS ions in intense femtosecond laser radiation.pdf:D\:\\Home\\Papers\\Wales et al, 2014, Journal of Electron Spectroscopy and Related Phenomena, Coulomb imaging of the concerted and stepwise break up processes of OCS ions in intense femtosecond laser radiation.pdf:application/pdf}
}